@misc{JB,
howpublished = {\url{https://en.wikipedia.org/wiki/Jacobi_method}},  
title = {Jacobi method},  
note = {Accessed: 2018-04-12}
}  

@article{PS,
  title={Poisson image editing},
  author={P{\'e}rez, Patrick and Gangnet, Michel and Blake, Andrew},
  journal={ACM Transactions on graphics (TOG)},
  volume={22},
  number={3},
  pages={313--318},
  year={2003},
  publisher={ACM}
}

@misc{PS2,
howpublished = {\url{http://www.ctralie.com/Teaching/PoissonImageEditing/}},
title = {Poisson Image Editing},
note = {Accessed: 2018-04-12},
author = {Christopher J. Tralie}
}

@misc{FM,
    howpublished = {\url{https://www.learnopencv.com/face-morph-using-opencv-cpp-python/}},
    title = {Face Morph Using OpenCV -- C++ / Python},
    note = {Accessed: 2018-04-17},
    author = {Satya Mallick}
}

@misc{DT,
    howpublished = {\url{http://trinkle.is-programmer.com/2015/7/1/delaunay-triangulation.100287.html}},
    title = {Delaunay三角剖分},
    note = {Post datetime: 2015-03-01},
    author = {n+e}
}
